@book{brady2008causation,
  title={Causation and explanation in social science},
  author={Brady, Henry E},
  year={2008},
}
