@inproceedings{zheng2018dags,
  title={DAGs with NO TEARS: Continuous optimization for structure learning},
  author={Zheng, Xun and Aragam, Bryon and Ravikumar, Pradeep K and Xing, Eric P},
  booktitle={Advances in Neural Information Processing Systems},
  pages={9472--9483},
  year={2018}
}

@article{sachs2005causal,
  title={Causal protein-signaling networks derived from multiparameter single-cell data},
  author={Sachs, Karen and Perez, Omar and Pe'er, Dana and Lauffenburger, Douglas A and Nolan, Garry P},
  journal={Science},
  volume={308},
  number={5721},
  pages={523--529},
  year={2005},
  publisher={American Association for the Advancement of Science}
}


@article{peters2015structural,
  title={Structural intervention distance for evaluating causal graphs},
  author={Peters, Jonas and B{\"u}hlmann, Peter},
  journal={Neural computation},
  volume={27},
  number={3},
  pages={771--799},
  year={2015},
  publisher={MIT Press}
}

@article{mooij2016joint,
  title={Joint causal inference from multiple contexts},
  author={Mooij, Joris M and Magliacane, Sara and Claassen, Tom},
  journal={arXiv preprint arXiv:1611.10351},
  year={2016}
}

@article{brouillard2020differentiable,
  title={Differentiable Causal Discovery from Interventional Data},
  author={Brouillard, Philippe and Lachapelle, S{\'e}bastien and Lacoste, Alexandre and Lacoste-Julien, Simon and Drouin, Alexandre},
  journal={arXiv preprint arXiv:2007.01754},
  year={2020}
}

@article{ke2019learning,
  title={Learning neural causal models from unknown interventions},
  author={Ke, Nan Rosemary and Bilaniuk, Olexa and Goyal, Anirudh and Bauer, Stefan and Larochelle, Hugo and Sch{\"o}lkopf, Bernhard and Mozer, Michael C and Pal, Chris and Bengio, Yoshua},
  journal={arXiv preprint arXiv:1910.01075},
  year={2019}
}

@article{ng2019masked,
  title={Masked gradient-based causal structure learning},
  author={Ng, Ignavier and Fang, Zhuangyan and Zhu, Shengyu and Chen, Zhitang and Wang, Jun},
  journal={arXiv preprint arXiv:1910.08527},
  year={2019}
}

@article{kwon2008coherent,
  title={Coherent coupling of feedback loops: a design principle of cell signaling networks},
  author={Kwon, Yung-Keun and Cho, Kwang-Hyun},
  journal={Bioinformatics},
  volume={24},
  number={17},
  pages={1926--1932},
  year={2008},
  publisher={Oxford University Press}
}

@article{kim2007coupled,
  title={Coupled positive and negative feedback circuits form an essential building block of cellular signaling pathways},
  author={Kim, Dongsan and Kwon, Yung-Keun and Cho, Kwang-Hyun},
  journal={BioEssays},
  volume={29},
  number={1},
  pages={85--90},
  year={2007},
  publisher={Wiley Online Library}
}

@article{ng2020role,
  title={On the role of sparsity and dag constraints for learning linear dags},
  author={Ng, Ignavier and Ghassami, AmirEmad and Zhang, Kun},
  journal={Advances in Neural Information Processing Systems},
  volume={33},
  year={2020}
}

@article{mooij2016joint,
  title={Joint causal inference from multiple contexts},
  author={Mooij, Joris M and Magliacane, Sara and Claassen, Tom},
  journal={arXiv preprint arXiv:1611.10351},
  year={2016}
}

@article{forre2018constraint,
  title={Constraint-based causal discovery for non-linear structural causal models with cycles and latent confounders},
  author={Forr{\'e}, Patrick and Mooij, Joris M},
  journal={arXiv preprint arXiv:1807.03024},
  year={2018}
}

@inproceedings{mooij2020constraint,
  title={Constraint-based causal discovery using partial ancestral graphs in the presence of cycles},
  author={Mooij, Joris M and Claassen, Tom},
  booktitle={Conference on Uncertainty in Artificial Intelligence},
  pages={1159--1168},
  year={2020},
  organization={PMLR}
}

@article{he2015counting,
  title={Counting and exploring sizes of Markov equivalence classes of directed acyclic graphs},
  author={He, Yangbo and Jia, Jinzhu and Yu, Bin},
  journal={The Journal of Machine Learning Research},
  volume={16},
  number={1},
  pages={2589--2609},
  year={2015},
  publisher={JMLR. org}
}

@inproceedings{itani2010structure,
  title={Structure learning in causal cyclic networks},
  author={Itani, Sleiman and Ohannessian, Mesrob and Sachs, Karen and Nolan, Garry P and Dahleh, Munther A},
  booktitle={Causality: Objectives and assessment},
  pages={165--176},
  year={2010},
  organization={PMLR}
}

@book{spirtes2000causation,
  title={Causation, prediction, and search},
  author={Spirtes, Peter and Glymour, Clark N and Scheines, Richard and Heckerman, David},
  year={2000},
  publisher={MIT press}
}

@article{pearl2009causal,
  title={Causal inference in statistics: An overview},
  author={Pearl, Judea and others},
  journal={Statistics surveys},
  volume={3},
  pages={96--146},
  year={2009},
  publisher={The author, under a Creative Commons Attribution License}
}

@article{scholkopf2019causality,
  title={Causality for machine learning},
  author={Sch{\"o}lkopf, Bernhard},
  journal={arXiv preprint arXiv:1911.10500},
  year={2019}
}

@incollection{chickering1996learning,
  title={Learning Bayesian networks is NP-complete},
  author={Chickering, David Maxwell},
  booktitle={Learning from data},
  pages={121--130},
  year={1996},
  publisher={Springer}
}

@article{eberhardt2007interventions,
  title={Interventions and causal inference},
  author={Eberhardt, Frederick and Scheines, Richard},
  journal={Philosophy of science},
  volume={74},
  number={5},
  pages={981--995},
  year={2007},
  publisher={The University of Chicago Press}
}

@article{hawe2019inferring,
  title={Inferring interaction networks from multi-omics data},
  author={Hawe, Johann S and Theis, Fabian J and Heinig, Matthias},
  journal={Frontiers in genetics},
  volume={10},
  pages={535},
  year={2019},
  publisher={Frontiers}
}

@article{hawe2020network,
  title={Network reconstruction for trans acting genetic loci using multi-omics data and prior information},
  author={Hawe, Johann S and Saha, Ashish and Waldenberger, Melanie and Kunze, Sonja and Wahl, Simone and Mueller-Nurasyid, Martina and Prokisch, Holger and Grallert, Harald and Herder, Christian and Peters, Annette and others},
  journal={bioRxiv},
  year={2020},
  publisher={Cold Spring Harbor Laboratory}
}

@article{scholkopf2021towards,
  title={Towards Causal Representation Learning},
  author={Sch{\"o}lkopf, Bernhard and Locatello, Francesco and Bauer, Stefan and Ke, Nan Rosemary and Kalchbrenner, Nal and Goyal, Anirudh and Bengio, Yoshua},
  journal={arXiv preprint arXiv:2102.11107},
  year={2021}
}

@article{norton2008there,
  title={Is there an independent principle of causality in physics? A Comment on Matthias Frisch,“Causal Reasoning in Physics.”},
  author={Norton, John D},
  year={2008}
}